<record xmlns="http://www.loc.gov/MARC21/slim" xmlns:xsi="http://www.w3.org/2001/XMLSchema-instance" xsi:schemaLocation="http://www.loc.gov/MARC21/slim http://www.loc.gov/standards/marcxml/schema/MARC21slim.xsd">

  <leader>00620nam a2200145Ia 4500</leader>
  <datafield ind2=" " tag="090" ind1=" ">
    <subfield code="a">CD #177</subfield>
  </datafield>
  <datafield ind1=" " tag="100" ind2=" ">
    <subfield code="a"/>
  </datafield>
  <datafield ind2=" " tag="245" ind1=" ">
    <subfield code="a">Archivo universitario Rafael Obregón Loría</subfield>
  </datafield>
  <datafield ind1=" " ind2=" " tag="260">
    <subfield code="a">San José, Costa Rica : </subfield>
    <subfield code="b">Universidad de Costa Rica. Archivo Universitario, </subfield>
    <subfield code="c">2008</subfield>
  </datafield>
  <datafield ind2=" " tag="300" ind1=" ">
    <subfield code="a">[disco compacto]</subfield>
  </datafield>
  <datafield ind2=" " tag="500" ind1=" ">
    <subfield code="a">Contiene:\Informe de valoración 06-2008, Unidades Académicas de investigación (centros, institutos, estaciones experimentales)\Reglamento del Sistema de Archivos de la Universidad de Costa Rica\Carta de servicios del AUROL</subfield>
  </datafield>
  <datafield tag="610" ind2=" " ind1=" ">
    <subfield code="a">UNIVERSIDAD DE COSTA RICA</subfield>
  </datafield>
  <datafield tag="650" ind2=" " ind1=" ">
    <subfield code="a">ARCHIVOS</subfield>
  </datafield>
  <datafield ind1=" " ind2=" " tag="942">
    <subfield code="p">002555 </subfield>
  </datafield>
  <datafield tag="999" ind2=" " ind1=" ">
    <subfield code="c">2456</subfield>
    <subfield code="d">2456</subfield>
  </datafield>
</record>